<record><leader>00000cas a22000007a 4500</leader><controlfield tag="001">32282550</controlfield><controlfield tag="008">950410d194119uuvauwr ne      0    0eng d</controlfield><datafield ind1=" " ind2=" " tag="010"><subfield code="a">sn 95079109 </subfield></datafield><datafield ind1=" " ind2=" " tag="040"><subfield code="a">NVK</subfield><subfield code="b">eng</subfield><subfield code="c">NVK</subfield><subfield code="d">OCLCQ</subfield><subfield code="d">OCLCF</subfield><subfield code="d">OCLCO</subfield></datafield><datafield ind1="1" ind2=" " tag="029"><subfield code="a">AU@</subfield><subfield code="b">000011677588</subfield></datafield><datafield ind1=" " ind2=" " tag="042"><subfield code="a">msc</subfield></datafield><datafield ind1=" " ind2=" " tag="043"><subfield code="a">n-us-va</subfield></datafield><datafield ind1="0" ind2=" " tag="130"><subfield code="a">Belvoir castle (Fort Belvoir, Va.)</subfield></datafield><datafield ind1="1" ind2="0" tag="245"><subfield code="a">Belvoir castle.</subfield></datafield><datafield ind1=" " ind2=" " tag="260"><subfield code="a">Fort Belvoir, Va. :</subfield><subfield code="b">W. Prescott Allen,</subfield><subfield code="c">1941-</subfield></datafield><datafield ind1=" " ind2=" " tag="300"><subfield code="a">v.</subfield></datafield><datafield ind1=" " ind2=" " tag="310"><subfield code="a">Weekly</subfield></datafield><datafield ind1="0" ind2=" " tag="362"><subfield code="a">Vol. 1, no. 1 (June 4, 1941)-</subfield></datafield><datafield ind1=" " ind2=" " tag="500"><subfield code="a">Military base paper.</subfield></datafield><datafield ind1=" " ind2="0" tag="650"><subfield code="a">Military bases</subfield><subfield code="z">Virginia</subfield><subfield code="z">Fort Belvoir</subfield><subfield code="v">Newspapers.</subfield></datafield><datafield ind1=" " ind2="0" tag="651"><subfield code="a">Fort Belvoir (Va.)</subfield><subfield code="v">Newspapers.</subfield></datafield><datafield ind1=" " ind2="7" tag="655"><subfield code="a">Newspapers.</subfield><subfield code="2">fast</subfield><subfield code="0">(OCoLC)fst01423814</subfield></datafield><datafield ind1=" " ind2="7" tag="650"><subfield code="a">Military bases.</subfield><subfield code="2">fast</subfield><subfield code="0">(OCoLC)fst01020986</subfield></datafield><datafield ind1=" " ind2="7" tag="651"><subfield code="a">Virginia</subfield><subfield code="z">Fort Belvoir.</subfield><subfield code="2">fast</subfield><subfield code="0">(OCoLC)fst01209273</subfield></datafield><datafield ind1=" " ind2=" " tag="752"><subfield code="a">United States</subfield><subfield code="b">Virginia</subfield><subfield code="c">Fairfax</subfield><subfield code="d">Fort Belvoir.</subfield></datafield><datafield ind1="0" ind2="0" tag="785"><subfield code="t">Castle (Fort Belvoir, Va.)</subfield><subfield code="w">(DLC)sn 98068244</subfield></datafield></record>